0 0
4238 3384 4344 3440 Gul-
3860 3368 3915 3423 H
2111 3285 2266 3340 gevon-
4155 422 4449 490 Den 7. Januarth,
4043 415 4098 473 ai
3456 396 3549 452 (29
426 333 724 388 Den 6. Jannaris,
1406 334 1433 392 )
1391 372 2294 429 pen met Turfassche onverhindert, ende sonder
1394 422 2288 480 eenige molestatie op derselver Comptoiren mogen
1392 472 2285 530 passeren. De Heeren Gedeputeerden van de
1389 522 2285 579 Provincie van Zeelandt hebben de voorschreve
1389 571 2285 628 Requeste overgenomen, en de conclusie gecon-
1390 620 2013 679 tradiceert. aon 6d ev nen,
1435 666 2278 725 Ontfangen een Missive van den Heer Her-
1389 714 2282 775 togh van Lotharingen ns geschreven tot Lune-
1393 760 2283 823 ville den negenden der voorlede Maendt, hou-
1389 810 2291 871 dende creditief op den Heer Parisot, een van,
1388 858 2280 919 des selfs Raden van Staet 7 om aen haer Hoogh
1388 906 2279 969 Mogende eenige saecken voor te dragen, het in- 7
1390 955 2278 1015 teresse van des selfs Landen concernerende z
1394 1004 2273 1061 Waer op gedelibereerdt zynde hebben haer
1391 1051 2278 1112 Hoogh Mogende verklaert dat den gemelden
1391 1100 2273 1158 Heer Parisot haer aengenaem is, ende dat aen de
1390 1149 2279 1209 selve audientie verleent 1 of Commissarissen toe-
1394 1198 2279 1257 gevoeght sullen werden , als hy sulcks sal komen
1394 1246 2273 1304 te versoecken. Ende sal Extract van dese haer
1391 1294 2286 1352 Hoogh Mogende Resolutie door den Agent Ro-
1391 1343 2277 1406 senboom aen gemelten Heer Parisot werden ter
1399 1394 2028 1459 hande gestelt. mew 315 09 vel vel,
2135 1402 2276 1462 ee
1429 1438 2275 1501 Op de Requeste van Andr Jelessier , eenigen
1389 1487 2271 1549 tijdt gedient. hebbende onder de Compagnie
1391 1534 2270 1592 Guardes du Corps, en gecasseent zynde gewor-
1391 1584 2270 1642 den; versoeckende, dat haer Hoogh Mogende
1386 1634 2276 1692 aen hem Suppliant eenige penningen tot des selfs
1389 1682 2268 1741 subsistentie gelieven toe te leggen; is naer voor-
1391 1730 2263 1794 gaende deliberatie goedtgevonden ende ver staen,
1388 1778 2262 1837 datin het voorschreve versoeck niet kan werden
1394 1827 2259 1887 getreden, ende werdt dienvolgende het selve af
1391 1879 2258 1946 gewesen. 1u bae ee gil ang sld gen
1425 1924 2265 1985 Zynde ter Vergaderinge getoont ende gex-
1383 1972 2262 2034 hibeert de Declaratie van den Resident Bilder-
1383 2021 2265 2084 beeck, beginnende met den eersten Juli 1704,
1388 2069 2265 2128 tot het eynde des selven jaers; is na vooagaende
1388 2116 2265 2175 deliberatie goedtge vonden ende verstaen  dat de
1391 2164 2264 2223 voorschreve Declaratie gesonden sal werden aen
1390 2213 2259 2271 den Raed van State ende des Generaliteyts Reec-
1386 2262 2259 2318 ken-kamer om te visiteren, examineren en li-
1395 2310 2258 2366 vuideren volgens en in conformiteyt van dor-
1389 2366 1772 2427 dres van t Landt. 7
1934 2376 1995 2432 Ge
1437 2405 2264 2461 Ontf angen een Missive van den Quartier-
1386 2455 2259 2511 schout de vter je geschreven alhier in den Ha-
1386 2506 2264 2564 ge sonder expressie van datum, houdende, in
1389 2554 2263 2612 vevolee en tot voldoeninge van haer Hoogh Mo-
1386 2603 2261 2660 gende Resolutie van den achtsten December lest-
1385 2651 2263 2709 leden, des selfs beright op de Requeste van het
1388 2699 2259 2757 Classis van s Hertogenbosch , ten selven dage
1386 2747 2255 2804 aen haer Hoogh Mogende gepresenteert, ende
1385 2798 2255 2854 als mede volgens haer Hoogh Mogende Resolu-
1380 2844 2258 2900 tie van den achtsten December 1704, op de re-
1383 2894 2257 2952 queste aen haer Hoogh Mogende gepresenteert,
1385 2944 2257 3000 door Victor van Bry, op den naem van Schepe-
1385 2992 2253 3049 nen ende de verdere Ledematen der Gerefor-
1386 3040 2261 3097 meerde Religie binnen Oosterwijck , nopende
1386 3089 2257 3147 den C hiruroyn der Gereformeerde Religie bin-
1383 3137 2264 3193 nen Oosterw iick en het aenstellen van een Paep-
1385 3185 2268 3241 sehen. Chirurgyn met de helft van het Trace-
1388 3233 2264 3290 ent Waerop gedelibereert zynde  is goedt-
428 377 1311 434 gevonden ende verstaen dat ten behoeve van
428 425 1313 482 den Surpliant een Pasport sal werden gedepe-
428 473 1318 529 scheert om het voorschreve Schip met geper-
431 523 1313 579 mitteerde Waren na Vranckrijck te mogen doen
431 571 1313 628 5 vieren i ende het selve met Wynen ende an-
428 620 1319 678 dere vepermitteerde Koopmanschappen (Brande-
431 667 1320 726 wynen vtoesondere) in dese Landen te doen re-
429 719 1317 775 tourneren. De Heeren Gedeputeerden van de
428 767 1317 823 Provincie van Zeelandt hebben de voorschreve
431 815 1319 872 Re uee overgenomen ende de condlusse ge-
764 857 1317 917 ew iooxt1 9 19810 oleh nev
431 872 687 927 contradiceert.
477 911 1305 968 On de Reuueste van Adriaen de Ruyter,
425 961 1310 1017 Rn tot Rotterdam , versoee kende haer
427 1010 1311 1066 Hool Moeende Pasport voor Schipper Willem
428 1058 1313 1114 de Kletea. ende voor de Matrosen san Dirxe, en
426 1107 1305 1163 Bier Ge itse om des selfs Scheepje, geladen
428 1153 1307 1208 en ende andere gever mitteerde Koop-
429 1205 1307 1263 mansehanpen van Calais te mogen gaen af halen,
428 1253 1308 1310 na voorvaende deliberatie voedteevonden ende
429 1301 1305 1358 versa Pt in Het voorschreve versoeck niet
427 1350 1305 1407 Ei verden oetreden. ende werdt dienvolgende
801 1392 926 1448 F2
1080 1394 1305 1450 lag MCV
428 1406 785 1461 het selve afgewesen.
476 1448 1305 1504 Ie ter Veroaderinge gelesen de Requeste van
434 1495 1305 1551 ach Alewynse Koningh J Koopman tot Rot-
425 1545 1309 1601 erdam houdende dat hy Suppliant met de
426 1594 1305 1650 en de Gebroederschap ii Schipper Pieter
429 1640 1307 1696 Bu 1 Ie Tiefde 5 Schipper Leendert Cor-
430 1690 1310 1745 di oaerne na Vranckrijck souden uytvoeren
430 1740 1305 1796 bevermitteerde Kodpmanschappen , ende van
429 1789 1304 1844 daer 7 dese Landen te mogen invoeren Wonen
428 1838 1301 1896 ende andere gepermitteerde Koopmanschappen,
428 1885 1302 1940 versoeckende dat haer Hoogh Mogende ge-
428 1935 1305 1991 iefden aen den Suppliant ten fine voorschreve te
428 1984 1302 2040 decorderen der selver permissie ride Paspoort :
431 2033 1303 2090 Waer ob. oedelibereert zynde, is. goedtgevon-
426 2081 1301 2138 en. ende verstaen dat ten behoeve van den Sup-
431 2130 1305 2188 pliant een Pasport sal werden gedepescheert, om
429 2179 1306 2236 de voorschreve Schepen met gepermitteerde
437 2228 1303 2288 Waren na Vrancktij ckte mogen doen navigeren,
423 2274 1298 2331 ende de selve met Wynen ende andere geper-
421 2324 1298 2381 mitteerde Koopmans. chappen ( Brandewynen uyt-
425 2373 1299 2430 eesondert) in dese Landen te doen retourneren:
422 2423 1296 2480 De Heeren Gedeputeerden van Provincie van
428 2471 1298 2527 Zeelandt hebben de voorschreve Requeste
424 2517 1287 2573 versenomen ende de conclusie gecontradi
895 2556 1065 2613 9 pe
428 2581 537 2637 ceert.
478 2617 1295 2675 On de Requeste van Catharina Engelhardt,
426 2662 1299 2718 owe ot Brussel ; Is na voorgaende deli
430 2711 1299 2770 erat se voedteevonden ende verstaen, dat ten
432 2759 1299 2815 oP 20 Suppliant een Pasport sal wer-
431 2810 1299 2866 en oe Jeescheert. om met een of twee Schepen
428 2858 1302 2914 Ie 8 en onder overschepinge uyt dese Landen
428 2906 1301 2962 ve Joen afhalen ende na Brabandt uytvoeren
425 2954 1304 3010 7 7 & Hoene I adinoe Turfassche, vry en sonder
422 3004 1302 3060 B eilinge van s Laudts gerechtigheydt. Ende
420 3050 1294 3106 1 1. a dese 1 aer Hoogh Movgende Reso-
420 3099 1301 3155 5 oefenden werden aen het Collegie ter A d-
422 3147 1299 3202 1 1 Jeelande. ende het selve aenge-
426 3199 1305 3255 chteven oodanige ordre te stelten , ende die
431 3251 1299 3307 voorsienii ge te doen, dat de voorschreve Sche-
2586 411 3476 497 gevonden en verstaen , dat Copye van de voor.
2583 459 3483 545 schreve Missive gestelde sal werden in handen van
2585 507 3477 595 de Heeren Ham , en andere haer Hoogh Mogen.
2585 556 3481 643 de Gedeputeerden tot de saecken van de Meyerye
2583 604 3476 691 van s Hertogenbosch, om te visiteren, exa;
2580 655 3476 739 neren, ende van alles alhier ter Vergaderinge
2578 701 3474 789 rapport te doen; ende dat dien onvermindert de
2579 748 3468 838 tegenwoordige Schepenen van Oofterwijck voo,
2580 798 3237 874 dit jaer ss ullen werden gecontinu eert. i
2587 847 3468 933 ls ter Vergaderinge gelesen de Request van
2575 894 3461 980 Frangoise d Espinasie  Huysyrouwe van de Cour.
2571 941 3458 1028 celle, Fransch gepensioncert Officier ten dien-
2576 989 3459 1076 ste deser L anden Hi houdende dat haer ee
2571 1040 3462 1127 soe enden Ms an i n 1 et eynde va am het voorleden
2567 1090 3462 1174 jaer van den Raede van State hadde geobtincere
2568 1138 3461 1225 permissie om voor eenige maenden te gaen na
2566 1183 3456 1272 Switserlandt cot het vaceren sijner particuliere at-
2564 1231 3453 1319 faire; dat den selven haren Man aldaer hebben.
2563 1279 3452 1368 de verstaen, dachaer Hoogh Mogende waren 90.
2561 1327 3451 1417 inclineert omme de noch overige gepensionee de
2564 1375 3447 1465 Officieren te senden na Piemont, omne prov;
2559 1426 3447 1514 sionclijck aldaer in dienst van den Heere Hertogh
2555 1474 3447 1562 van Sayoyen gebruyckt te werden , sich derwae e-
2556 1522 3447 1610 in dienst te begeven; dat haer Hoogh Mogende
2555 1569 3443 1656 op het versoeck van haren Man de goethey had.
2555 1617 3447 1708 de gchade van goee te vinden en te Verstaen, dae
2552 1666 3440 1756 den selven haren Man aldaer by continuatie soude
2549 1716 3435 1803 mogen blyven dienen tot nader ordre van hae
2544 1762 3435 1853 Hoogh Mogende, ende ondereusschen sijn pen-
2544 1811 3434 1902 fioen dat hy van haer Hoogh Mogende was genie.
2545 1858 3435 1953 vende behouden, alles blijekende by haer Hoogh
2543 1906 3428 2002 Mog Resofutie van den vyf den September 190,
2539 1955 3427 2048 gevens de voo schreve stequelte gevooghe; dats,
2537 2003 3429 2096 Supplinte nu hadde verstaen  dat met het maken
2537 2051 3423 2143 van den laetsten Stact van oorlogh den voornoen-
2534 2099 3426 2193 den haren Man was vergeten van dae op gestelde
2534 2148 3423 2241 ve Werden ; versoeckende  om eden in de
2533 2195 3419 2288 voorschreve Request gexprimeert  dat haet
2531 2244 3416 2336 Hoogh Mogende geliefden het oodanigh te disi
2528 2292 3414 2385 geren, dat den voornoemden haren Man op den
2527 2338 3405 2437 voe tnoemden Stuet van oorlogh wierde gest ld.
2520 2388 3407 2483 en den selven en Comptoir gesigneert, om al
2520 2436 3408 2532 foo vervolgens hot pensioen  het geene hy van
2516 2485 3405 2579 ber Hoogh Mogende was genietende, al; voor
2513 2532 3407 2625 delen te kon a en ontfangen. Waer de ee
2514 2581 3404 2673 reet aynde is goetgevonden en verstacn dat Co-
2516 2632 3404 2724 Pye van de voorschreve Requeste gesonden (4
2513 2677 3399 2770 werden aen den Raedt van State, om de selyer
2510 2724 3392 2818 be-scht en advis daer op aen haer Hoogh Moyen.
2510 2774 3390 2867 dee laten toekomen; end e dat dien onver ein,
2508 2821 3393 2916 dere de Heeren Staten van Zeelande by Massy
2507 2870 3389 2965 fellen werden verfocht de Suppliante van hae
2508 2919 2946 2995 ie tesstalsen te voldoen,
2507 2969 3386 3062 ter Vergaderinge gelesen de Requeste van
2498 3014 3384 3111 Benedictus, Grave van Oxenstiern, Heuten aas
2500 3062 3380 3155 Generael van de Infanterye van desen Stat, ves
2489 3111 3377 3204 foeckende , om redenen in de voorschreve Re.
2490 3160 3375 3255 qichte getaprimeert, dat haer Hoogh Mogende
2489 3210 3372 3304 geliefden aen hen Sappliant te permitteren ende
2489 3256 3371 3354 vccordderen permissie om te mogen gaen ne de
3560 446 4455 541 1
3558 495 4454 589 het besolsieitere nde bet iinge Y oe
3560 544 4453 640 ges Waer op gedelibel ee zynde is goetge.
3561 590 4455 687 vonden ende verstaen , mite desen te onsen.
3557 638 4457 737 teren in het voorschreve versoeck, ende wend.
3557 686 4453 783 dienvolgende aen den Suppliant gesccordee
3558 736 4448 832 permissie en verlof voor den tydt van wee maen.
3558 786 3633 841 den
3596 834 4448 933 ts er Vergaderinge gelesen de Requeste van
3546 880 4443 979 Frangois d le Serra, Lieut enant Collon l van a
3547 928 4436 1025 Regiment van den Colsonel Henry de Caris, ver.
3546 1026 4437 1122 qucste gesprimeert, dat haer Hoogh Mogen.
3545 1074 4436 1173 de geliefden a en hem Sapp lane te permis ven
3542 1170 4428 1268 Collonel op approbatie ende aggreatie van haa,
3542 1219 4430 1315 Hoogh Mogende aen een ander bequzem Of
3536 1318 4418 1411 gedelibereert ynde is goetgevonden ende ye
3530 1366 4421 1461 sen , dat Copye van de voorschreve Requesie
3531 1414 4419 1511 gefonden sl werden aen den gemelden Collon
3531 1462 4417 1559 Caris  om sijn bericht daer op aen haer Hogg,
3527 1510 4047 1586 Mogende te laten toekomen,
3575 1561 4413 1657 Is ter Vergaderinge gelesen de Requeste van
3522 1609 4413 1702 Arnoldus Boomhouwer , Auditeur tot Roer
3517 1655 4413 1749 monde, versoeckende, om redenen in de voor.
3515 1703 4414 1799 schreve Requeste gesprimeert, dat haer Hoogh
3518 1753 4406 1848 Mogende geliefden hem Suppliant te begunse,
3519 1802 4407 1894 gen met de Fourier- ofte Biljet meesters pact
3515 1849 4403 1944 binnen de Stadt Rroermonde, ende aen hen dae,
3516 1897 4404 1990 van te verleenen Commissie in forma, Waer ey
3515 1947 4402 2037 gedelibereert aynde is goetgevonden ende yer.
3512 1996 4395 2087 staen, dat Copye van de voorschreve Request
3512 2045 4390 2135 gesonden sal werden aen de Magistraet van koe
3510 2091 4389 2186 inonde  om der selver b erie ih t daer op en ie
3505 2140 4160 2219 Hoogh Mogende te laten toekomen.
3545 2190 4386 2281 Is ter Vergaderinge gelesen een Memorie o,
3500 2235 4382 2329 de naem van den Marquis diie we, verso end,
3500 2286 4385 2375 by vernieuwinge en andersunes verscheyde pay
3498 2333 4379 2428 porten gratis om op s Vyandes bodem te mogen
3494 2380 4377 2474 reysen. Waer op gedelibercert ynde is goe,
3495 2428 4377 2525 vonden en verstaen  dat Pasporten grat, sue,
3488 2477 4374 2572 werden gedepescheert voor den ris. van Ra.
3488 2526 4379 2621 benpe, Groot Jagermeester , voor den Goy,
3488 2574 4374 2669 van Bergeyck, Superintendane Generacl van de
3483 2672 4370 2764 se ie d ans an de Fina ntie  voor den Mar ie 1
3479 2719 4370 2815 ee - In vendane van Brabant en Me helen, ee
3482 2768 4363 2870 voor Manuel Tesi, Commisris van de Viy,
3471 2817 4014 2892 alle voor den tydt van een jaer,
3524 2865 4031 2942 On tfangen een Missive van
3467 2914 4353 3011 Eynatten van Nieuwerburgh , Heer van Culpen,
3465 2965 4359 3054 geschreven tot Nieuwerbugh den sestienden
3465 3012 4358 3103 cember laetstleden, ende daer nevens wee Byl.
3462 3061 4356 3154 gen houdende, in gevolge en tot voldoening
3459 3108 4352 3200 van haer Hoogh Mogende Resolutie van den,
3458 3157 4343 3250 en wincighsten November aetstleden, des ele.
3453 3205 4344 3297 belangh op de Requcste ten selven dage aen hae,
3452 3255 4347 3344 Hoogh Mogende gepesenteert  by ofte van we
3446 3311 4346 3392 gen Patroclus Edsema, Voorleser der Kercka tat
